@book{pfister2002tag,
  title={Am Tag danach: zur Bew{\"a}ltigung von Naturkatastrophen in der Schweiz 1500-2000},
  author={Pfister, C.},
  isbn={9783258064369},
  lccn={2004480190},
  year={2002},
  publisher={Haupt}
}
@book{hansemann1995saaser,
  title={Saaser Heimatbuch},
  author={Hansemann, C.},
  isbn={9783952096307},
  year={1995},
  publisher={Verlag AG Buchdruckerei Schiers}
}
